<marc:record xmlns:marc="http://www.loc.gov/MARC21/slim" xmlns:xsi="http://www.w3.org/2001/XMLSchema-instance" xsi:schemaLocation="http://www.loc.gov/MARC21/slim http://www.loc.gov/standards/marcxml/schema/MARC21slim.xsd">
  <marc:leader>     nam a2200241 a 4500</marc:leader>
  <marc:controlfield tag="001">001696990</marc:controlfield>
  <marc:controlfield tag="003">NNU</marc:controlfield>
  <marc:controlfield tag="005">20061010171142.0</marc:controlfield>
  <marc:controlfield tag="008">010125s1949    ua            000 0 ara d</marc:controlfield>
  <marc:datafield tag="035" ind1="9" ind2=" ">
    <marc:subfield code="a">NYUb12244029</marc:subfield>
  </marc:datafield>
  <marc:datafield tag="035" ind1=" " ind2=" ">
    <marc:subfield code="a">(CStRLIN)NYUG01-B494</marc:subfield>
  </marc:datafield>
  <marc:datafield tag="040" ind1=" " ind2=" ">
    <marc:subfield code="a">NNU</marc:subfield>
    <marc:subfield code="c">NNU</marc:subfield>
  </marc:datafield>
  <marc:datafield tag="050" ind1=" " ind2="4">
    <marc:subfield code="a">PJ7601</marc:subfield>
    <marc:subfield code="b">.M28 1949</marc:subfield>
  </marc:datafield>
  <marc:datafield tag="066" ind1=" " ind2=" ">
    <marc:subfield code="c">(3</marc:subfield>
  </marc:datafield>
  <marc:datafield tag="090" ind1=" " ind2=" ">
    <marc:subfield code="a">PJ7601</marc:subfield>
    <marc:subfield code="b">.M28 1949</marc:subfield>
  </marc:datafield>
  <marc:datafield tag="245" ind1="0" ind2="0">
    <marc:subfield code="6">01</marc:subfield>
    <marc:subfield code="a">Majmūʻ muhimmāt al-mutūn :</marc:subfield>
    <marc:subfield code="b">yashtamilu ʻalá sittah wa-sittīn matn fī mukhtalif al-funūn wa-al-ʻulūm.</marc:subfield>
  </marc:datafield>
  <marc:datafield tag="245" ind1="0" ind2="0">
    <marc:subfield code="6">01</marc:subfield>
    <marc:subfield code="a">مجموع مهمات المتون :</marc:subfield>
    <marc:subfield code="b">يشتمل على ستة وستين متنا فى مختلف الفنون والعلوم.</marc:subfield>
  </marc:datafield>
  <marc:datafield tag="250" ind1=" " ind2=" ">
    <marc:subfield code="6">02</marc:subfield>
    <marc:subfield code="a">al-Ṭabʻah 4.</marc:subfield>
  </marc:datafield>
  <marc:datafield tag="250" ind1=" " ind2=" ">
    <marc:subfield code="6">02</marc:subfield>
    <marc:subfield code="a">الطبعة ٤.</marc:subfield>
  </marc:datafield>
  <marc:datafield tag="260" ind1=" " ind2=" ">
    <marc:subfield code="6">03</marc:subfield>
    <marc:subfield code="a">Miṣr :</marc:subfield>
    <marc:subfield code="b">Muṣṭafá al-Bābī al-Ḥalabī,</marc:subfield>
    <marc:subfield code="c">1949.</marc:subfield>
  </marc:datafield>
  <marc:datafield tag="260" ind1=" " ind2=" ">
    <marc:subfield code="6">03</marc:subfield>
    <marc:subfield code="a">مصر :</marc:subfield>
    <marc:subfield code="b">مصطفى البابى الحلبى،</marc:subfield>
    <marc:subfield code="c">١٩٤٩.</marc:subfield>
  </marc:datafield>
  <marc:datafield tag="300" ind1=" " ind2=" ">
    <marc:subfield code="a">824 p.</marc:subfield>
  </marc:datafield>
  <marc:datafield tag="650" ind1=" " ind2="0">
    <marc:subfield code="a">Arabic literature.</marc:subfield>
  </marc:datafield>
  <marc:datafield tag="998" ind1=" " ind2=" ">
    <marc:subfield code="a">20010125</marc:subfield>
    <marc:subfield code="d">20010125</marc:subfield>
    <marc:subfield code="d">20011102</marc:subfield>
    <marc:subfield code="n">NNU</marc:subfield>
    <marc:subfield code="s">1</marc:subfield>
    <marc:subfield code="t">c</marc:subfield>
    <marc:subfield code="z">p</marc:subfield>
  </marc:datafield>
</marc:record>
